@article{cnn_time,
author = {{Cristian Borges Gamboa J}},
journal = {arxiv},
title = {Deep Learning for Time-Series Analysis},
year = {2017}
}

@article{cnn_time_2,
author = {{Ismail Fawaz, H., Forestier, G., Weber, J.}},
journal = {arxiv},
title = {Deep learning for time series classification: a review},
year = {2018}
}

@article{dataset,
author = {{Kirchgässner, Wilhelm and Wallscheid, Oliver and Böcker, Joachim}},
year = {2019},
month = {03},
journal = {IEEE},
pages = {},
title = {Deep Residual Convolutional and Recurrent Neural Networks for Temperature Estimation in Permanent Magnet Synchronous Motors}
}

@article{dataset_2,
author = {{Kirchgässner, Wilhelm and Wallscheid, Oliver and Böcker, Joachim}},
year = {2019},
month = {03},
journal = {IEEE},
pages = {},
title = {Empirical Evaluation of Exponentially Weighted Moving Averages for Simple Linear Thermal Modeling of Permanent Magnet Synchronous Machines}
}
